<record><leader>00000cas a22000007a 4500</leader><controlfield tag="001">8074713</controlfield><controlfield tag="008">820119d19712000nyuwr ne      0   a0eng d</controlfield><controlfield tag="009">394</controlfield><datafield ind1=" " ind2=" " tag="010"><subfield code="a">sn 87070088 </subfield></datafield><datafield ind1=" " ind2=" " tag="040"><subfield code="a">YQR</subfield><subfield code="b">eng</subfield><subfield code="c">YQR</subfield><subfield code="d">NYS</subfield><subfield code="d">NSD</subfield><subfield code="d">NYS</subfield><subfield code="d">OCL</subfield><subfield code="d">NSD</subfield><subfield code="d">OCLCQ</subfield></datafield><datafield ind1=" " ind2=" " tag="012"><subfield code="m">d</subfield></datafield><datafield ind1="1" ind2=" " tag="022"><subfield code="a">1053-7619</subfield><subfield code="l">1053-7619</subfield><subfield code="2">1</subfield></datafield><datafield ind1="1" ind2=" " tag="029"><subfield code="a">AU@</subfield><subfield code="b">000020480212</subfield></datafield><datafield ind1=" " ind2=" " tag="042"><subfield code="a">msc</subfield><subfield code="a">nsdp</subfield></datafield><datafield ind1=" " ind2=" " tag="043"><subfield code="a">n-us-ny</subfield></datafield><datafield ind1=" " ind2="0" tag="222"><subfield code="a">East Rochester post-herald</subfield></datafield><datafield ind1="0" ind2="0" tag="245"><subfield code="a">East Rochester post-herald.</subfield></datafield><datafield ind1="3" ind2="0" tag="246"><subfield code="a">East Rochester post herald</subfield></datafield><datafield ind1=" " ind2=" " tag="260"><subfield code="a">East Rochester, N.Y. :</subfield><subfield code="b">Genesee Valley Newspapers,</subfield><subfield code="c">1971-</subfield></datafield><datafield ind1=" " ind2=" " tag="300"><subfield code="a">v. :</subfield><subfield code="b">ill. ;</subfield><subfield code="c">58 cm.</subfield></datafield><datafield ind1=" " ind2=" " tag="310"><subfield code="a">Weekly,</subfield><subfield code="b">May 6, 1971-</subfield></datafield><datafield ind1="0" ind2=" " tag="362"><subfield code="a">Vol. 56, no. 45 (May 6, 1971)-</subfield></datafield><datafield ind1=" " ind2=" " tag="500"><subfield code="a">Vols. for &lt;Sept. 20, 1990-&gt; published by: Wolfe Publications, Inc.</subfield></datafield><datafield ind1=" " ind2="4" tag="651"><subfield code="a">East Rochester (N.Y.)</subfield><subfield code="v">Newspapers.</subfield></datafield><datafield ind1=" " ind2=" " tag="752"><subfield code="a">United States</subfield><subfield code="b">New York</subfield><subfield code="c">Monroe</subfield><subfield code="d">East Rochester.</subfield></datafield><datafield ind1="0" ind2="0" tag="780"><subfield code="t">East Rochester herald</subfield><subfield code="w">(DLC)sn 87070091</subfield><subfield code="w">(OCoLC)8074777</subfield></datafield><datafield ind1="0" ind2="0" tag="785"><subfield code="t">East Rochester post</subfield><subfield code="x">1531-0140</subfield><subfield code="w">(DLC)   00214987</subfield></datafield><datafield ind1=" " ind2=" " tag="936"><subfield code="a">Vol. 81, no. 10 (Oct. 27, 1994) (surrogate) LIC</subfield></datafield></record>